<record xmlns="http://www.loc.gov/MARC21/slim" xmlns:xsi="http://www.w3.org/2001/XMLSchema-instance" xsi:schemaLocation="http://www.loc.gov/MARC21/slim http://www.loc.gov/standards/marcxml/schema/MARC21slim.xsd"><leader>     nam a22        4500</leader><controlfield tag="001">3071639</controlfield><controlfield tag="003">NNC</controlfield><controlfield tag="006">m        d        </controlfield><controlfield tag="007">cr cn |||m|||a</controlfield><controlfield tag="008">150316s1943    ua      o     000 1 ara d</controlfield><datafield ind1=" " ind2=" " tag="040"><subfield code="a">NNU</subfield><subfield code="b">eng</subfield><subfield code="e">rda</subfield><subfield code="c">NNU</subfield></datafield><datafield ind1=" " ind2="4" tag="050"><subfield code="a">PJ7864.A35</subfield><subfield code="b">A74 1943</subfield></datafield><datafield ind1="1" ind2=" " tag="100"><subfield code="6">880-01</subfield><subfield code="a">H&#803;usayn, T&#803;a&#772;ha&#772;,</subfield><subfield code="d">1889-1973.</subfield></datafield><datafield ind1="1" ind2="0" tag="245"><subfield code="6">880-02</subfield><subfield code="a">Ah&#803;la&#772;m Shahraza&#772;d /</subfield><subfield code="c">T&#803;a&#772;ha&#772; H&#803;usayn.</subfield></datafield><datafield ind1=" " ind2=" " tag="260"><subfield code="6">880-03</subfield><subfield code="a">Mis&#803;r :</subfield><subfield code="b">Mat&#803;ba&#699;at al-Ma&#699;a&#772;rif wa-Maktabutiha&#772;,</subfield><subfield code="c">1943.</subfield></datafield><datafield ind1=" " ind2=" " tag="300"><subfield code="a">online resource (11, 136 pages)</subfield></datafield><datafield ind1=" " ind2=" " tag="336"><subfield code="a">text</subfield><subfield code="2">rdacontent</subfield></datafield><datafield ind1=" " ind2=" " tag="337"><subfield code="a">computer</subfield><subfield code="2">rdamedia</subfield></datafield><datafield ind1=" " ind2=" " tag="338"><subfield code="a">online resource</subfield><subfield code="2">rdacarrier</subfield></datafield><datafield ind1="1" ind2=" " tag="490"><subfield code="6">880-04</subfield><subfield code="a">Iqra&#700; ;</subfield><subfield code="v">1</subfield></datafield><datafield ind1=" " ind2=" " tag="500"><subfield code="a">Novel.</subfield></datafield><datafield ind1=" " ind2=" " tag="500"><subfield code="a">Part of the Arabic Collections Online (ACO) project, contributed by Columbia University Libraries.</subfield></datafield><datafield ind1=" " ind2=" " tag="533"><subfield code="a">Electronic reproduction.</subfield><subfield code="b">New York, N.Y. :</subfield><subfield code="c">New York University,</subfield><subfield code="d">2015.</subfield><subfield code="5">NNU</subfield></datafield><datafield ind1=" " ind2="0" tag="650"><subfield code="a">Scheherazade (Legendary character)</subfield><subfield code="v">Fiction.</subfield></datafield><datafield ind1=" " ind2="7" tag="650"><subfield code="a">Scheherazade (Legendary character)</subfield><subfield code="2">fast</subfield><subfield code="0">(OCoLC)fst01106660</subfield></datafield><datafield ind1=" " ind2="7" tag="655"><subfield code="a">Fiction.</subfield><subfield code="2">fast</subfield><subfield code="0">(OCoLC)fst01423787</subfield></datafield><datafield ind1="2" ind2=" " tag="710"><subfield code="a">Columbia University.</subfield><subfield code="b">Libraries.</subfield></datafield><datafield ind1="0" ind2=" " tag="730"><subfield code="a">Arabic Collections Online.</subfield></datafield><datafield ind1="0" ind2="8" tag="776"><subfield code="i">Online version:</subfield><subfield code="a">H&#803;usayn, T&#803;a&#772;ha&#772;, 1889-1973.</subfield><subfield code="t">Ah&#803;la&#772;m Shahraza&#772;d.</subfield><subfield code="d">Mis&#803;r : Mat&#803;ba&#699;at al-Ma&#699;a&#772;rif wa-Maktabutiha&#772;, 1943</subfield><subfield code="w">(OCoLC)610433825</subfield></datafield><datafield ind1="0" ind2="8" tag="776"><subfield code="i">Print version:</subfield><subfield code="a">H&#803;usayn, T&#803;a&#772;ha&#772;, 1889-1973.</subfield><subfield code="t">Ah&#803;la&#772;m Shahraza&#772;d</subfield><subfield code="w">(NNC)3071639</subfield><subfield code="w">(OCoLC)22755418</subfield></datafield><datafield ind1=" " ind2="0" tag="830"><subfield code="6">880-05</subfield><subfield code="a">Iqra&#700; (Cairo, Egypt) ;</subfield><subfield code="v">1.</subfield></datafield><datafield ind1="4" ind2="0" tag="856"><subfield code="u">http://hdl.handle.net/2333.1/bk3j9nn3</subfield></datafield><datafield ind1="1" ind2=" " tag="880"><subfield code="6">100-01/r</subfield><subfield code="a">&#1581;&#1587;&#1610;&#1606;&#1548; &#1591;&#1607;&#1548;</subfield><subfield code="d">1889-1973.</subfield></datafield><datafield ind1="1" ind2="0" tag="880"><subfield code="6">245-02/r</subfield><subfield code="a">&#1575;&#1581;&#1604;&#1575;&#1605; &#1588;&#1607;&#1585;&#1586;&#1575;&#1583; /</subfield><subfield code="c">&#1591;&#1607; &#1581;&#1587;&#1610;&#1606;.</subfield></datafield><datafield ind1=" " ind2=" " tag="880"><subfield code="6">260-03/r</subfield><subfield code="a">&#1605;&#1589;&#1585; :</subfield><subfield code="b">&#1605;&#1591;&#1576;&#1593;&#1577; &#1575;&#1604;&#1605;&#1593;&#1575;&#1585;&#1601; &#1608;&#1605;&#1603;&#1578;&#1576;&#1578;&#1607;&#1575;&#1548;</subfield><subfield code="c">1943.</subfield></datafield><datafield ind1="1" ind2=" " tag="880"><subfield code="6">490-04/r</subfield><subfield code="a">&#1575;&#1602;&#1585;&#1571; &#1563;</subfield><subfield code="v">1</subfield></datafield><datafield ind1=" " ind2="0" tag="880"><subfield code="6">830-05/r</subfield><subfield code="a">&#1575;&#1602;&#1585;&#1571; (&#1604;&#1602;&#1575;&#1607;&#1585;&#1577;&#1548; &#1605;&#1589;&#1585;) &#1563;</subfield><subfield code="v">1.</subfield></datafield><datafield ind1=" " ind2=" " tag="959"><subfield code="a">NNU</subfield><subfield code="b">WEB</subfield><subfield code="c">GENI</subfield><subfield code="t">0</subfield><subfield code="m">Electronic access</subfield><subfield code="s">01</subfield></datafield><datafield ind1=" " ind2=" " tag="999"><subfield code="i">NNC_3071639</subfield><subfield code="o">(OCoLC)ocm22755418</subfield><subfield code="e">(ERROR-880)</subfield><subfield code="s">columbia_aco000325</subfield></datafield></record>